<record><leader>01049 am a2200301 a 4500</leader><controlfield tag="001">008307929</controlfield><controlfield tag="003">MiAaHDL</controlfield><controlfield tag="005">20111212000000.0</controlfield><controlfield tag="006">m        d        </controlfield><controlfield tag="007">cr bn ---auaua</controlfield><controlfield tag="008">730924n        dcu          f000 0 eng u</controlfield><datafield tag="035" ind1=" " ind2=" "><subfield code="a">sdr-ucsc.b12802827</subfield></datafield><datafield tag="035" ind1=" " ind2=" "><subfield code="a">sdr-wu3197474</subfield></datafield><datafield tag="040" ind1=" " ind2=" "><subfield code="c">MIA</subfield><subfield code="d">OCL</subfield><subfield code="d">m/c</subfield></datafield><datafield tag="041" ind1="0" ind2=" "><subfield code="a">engger</subfield></datafield><datafield tag="049" ind1=" " ind2=" "><subfield code="a">CUZA</subfield></datafield><datafield tag="090" ind1=" " ind2=" "><subfield code="a">J351.R38</subfield></datafield><datafield tag="035" ind1=" " ind2=" "><subfield code="a">(OCoLC)697687</subfield></datafield><datafield tag="110" ind1="1" ind2=" "><subfield code="a">United States.</subfield><subfield code="b">Office of the US High Commissioner for Germany.</subfield></datafield><datafield tag="245" ind1="1" ind2="0"><subfield code="a">Report on Germany.</subfield><subfield code="b">1st-[11th]; Sept. 21/Dec. 31, 1949-July 31, 1952.</subfield></datafield><datafield tag="260" ind1=" " ind2=" "><subfield code="a">[Washington,</subfield><subfield code="b">U.S. Govt. Print. Off.,</subfield><subfield code="c">n.d.]</subfield></datafield><datafield tag="300" ind1=" " ind2=" "><subfield code="a">11 v. in 3</subfield><subfield code="c">21-23 cm.</subfield></datafield><datafield tag="538" ind1=" " ind2=" "><subfield code="a">Mode of access: Internet.</subfield></datafield><datafield tag="651" ind1=" " ind2="0"><subfield code="a">Germany (West)</subfield><subfield code="x">Politics and government.</subfield></datafield><datafield tag="740" ind1="0" ind2="0"><subfield code="a">Bericht über Deutschland.</subfield></datafield><datafield tag="740" ind1="0" ind2="0"><subfield code="a">Vierteljahresbericht über Deutschland.</subfield></datafield><datafield tag="CID" ind1=" " ind2=" "><subfield code="a">008307929</subfield></datafield><datafield tag="DAT" ind1="0" ind2=" "><subfield code="b">20111212000000.0</subfield></datafield><datafield tag="DAT" ind1="1" ind2=" "><subfield code="a">20120815095258.0</subfield><subfield code="b">2018-09-10T18:23:23Z</subfield></datafield><datafield tag="CAT" ind1=" " ind2=" "><subfield code="a">SDR-UCSC</subfield><subfield code="d">III - MILLENIUM</subfield><subfield code="l">loader.pl-001-001</subfield></datafield><datafield tag="FMT" ind1=" " ind2=" "><subfield code="a">BK</subfield></datafield><datafield tag="HOL" ind1=" " ind2=" "><subfield code="0">sdr-ucsc.b12802827</subfield><subfield code="a">uc1</subfield><subfield code="b">SDR</subfield><subfield code="c">UCSC</subfield><subfield code="p">uc1.32106020214307</subfield><subfield code="s">UC</subfield><subfield code="z">no.1-5 1949-50</subfield><subfield code="1">.b12802827</subfield></datafield><datafield tag="974" ind1=" " ind2=" "><subfield code="b">UC</subfield><subfield code="c">UCSC</subfield><subfield code="d">20180910</subfield><subfield code="s">google</subfield><subfield code="u">uc1.32106020214307</subfield><subfield code="z">no.1-5 1949-50</subfield><subfield code="r">pd</subfield><subfield code="q">bib</subfield><subfield code="t">US fed doc</subfield></datafield><datafield tag="974" ind1=" " ind2=" "><subfield code="b">UC</subfield><subfield code="c">UCSC</subfield><subfield code="d">20191111</subfield><subfield code="s">google</subfield><subfield code="u">uc1.32106020214315</subfield><subfield code="z">no.6-7 1951</subfield><subfield code="r">pd</subfield><subfield code="q">bib</subfield><subfield code="t">US fed doc</subfield></datafield><datafield tag="974" ind1=" " ind2=" "><subfield code="b">UC</subfield><subfield code="c">UCSC</subfield><subfield code="d">20180910</subfield><subfield code="s">google</subfield><subfield code="u">uc1.32106020214323</subfield><subfield code="z">no.8-11 1951-52</subfield><subfield code="r">pd</subfield><subfield code="q">bib</subfield><subfield code="t">US fed doc</subfield></datafield><datafield tag="974" ind1=" " ind2=" "><subfield code="b">WU</subfield><subfield code="c">WU</subfield><subfield code="d">20220421</subfield><subfield code="s">google</subfield><subfield code="u">wu.89059234781</subfield><subfield code="z">1-5</subfield><subfield code="r">pd</subfield><subfield code="q">bib</subfield><subfield code="t">US fed doc</subfield></datafield></record>